@article{arxiv-1607.06450,
  author={J. L. Ba, J. R. Kiros, and G. E. Hinton.},
  title={ Layer Normalization},
  journal={CoRR},
  volume={abs/1607.06450},
  year={2016},
  pdf={https://arxiv.org/pdf/1607.06450}
}

@article{nips-1502.c399862d3b9d6b76c8436e924a68c45b,
  author={A. Krizhevsky, I. Sutskever, and G. Hinton.},
  title={ImageNet Classification with Deep Convolutional Neural Networks},
  journal={Neural Information Processing Systems (NIPS)},
  volume={},
  year={2012},
  pdf={https://proceedings.neurips.cc/paper/2012/file/c399862d3b9d6b76c8436e924a68c45b-Paper.pdf}
}

@article{lecun-89e,
  author={LeCun, B. Boser, J. S. Denker, et al.},
  title={Backpropagation applied to handwritten zip coderecognition},
  journal={Neural Computation},
  volume={1(4):541-551},
  year={1989},
  pdf={http://yann.lecun.com/exdb/publis/pdf/lecun-89e.pdf}
}
